@inproceedings{DIaas,
  Author = {Bin Liu, Xiao Liang Yu, Shiping Chen, Xiwei Xu and Liming Zhu},
  title = {Blockchain based Data Integrity Service Framework for IoT data},
  booktitle = {IEEE 24th International Conference on Web Services},
  year = {2017},
  pages = {3--17},
  numpages = {15},
  publisher = {Springer},
  address = {Berlin, DE},
}

@online{IOTAwhitepaper,
  Author = {S. Popov.},
  title = {Iota whitepaper. Technical White Paper},
  url = {https://iota.org/IOTA_Whitepaper.pdf},
  urldate = {2018-04-30}
}

@online{MAM,
  title = {Masked Authenticated Messaging},
  url = {https://blog.iota.org/introducing-masked-authenticated-messaging-e55c1822d50e},
  urldate = {2017-11-05}
}
